%YAML 1.1
%TAG !u! tag:unity3d.com,2011:
--- !u!1 &1675208597102238291
GameObject:
  m_ObjectHideFlags: 0
  m_CorrespondingSourceObject: {fileID: 0}
  m_PrefabInstance: {fileID: 0}
  m_PrefabAsset: {fileID: 0}
  serializedVersion: 6
  m_Component:
  - component: {fileID: 1666248361096735385}
  - component: {fileID: 8033362919350370129}
  - component: {fileID: 3720905046153310232}
  m_Layer: 0
  m_Name: character_skeleton_warrior_helmet_broken
  m_TagString: Untagged
  m_Icon: {fileID: 0}
  m_NavMeshLayer: 0
  m_StaticEditorFlags: 0
  m_IsActive: 1
--- !u!4 &1666248361096735385
Transform:
  m_ObjectHideFlags: 0
  m_CorrespondingSourceObject: {fileID: 0}
  m_PrefabInstance: {fileID: 0}
  m_PrefabAsset: {fileID: 0}
  m_GameObject: {fileID: 1675208597102238291}
  m_LocalRotation: {x: -0.00000011920929, y: 0, z: -0, w: 1}
  m_LocalPosition: {x: -0, y: 0.5194435, z: -0.00000008462809}
  m_LocalScale: {x: 1, y: 1, z: 1}
  m_ConstrainProportionsScale: 0
  m_Children: []
  m_Father: {fileID: 1567268396655346827}
  m_RootOrder: 1
  m_LocalEulerAnglesHint: {x: 0, y: 0, z: 0}
--- !u!33 &8033362919350370129
MeshFilter:
  m_ObjectHideFlags: 0
  m_CorrespondingSourceObject: {fileID: 0}
  m_PrefabInstance: {fileID: 0}
  m_PrefabAsset: {fileID: 0}
  m_GameObject: {fileID: 1675208597102238291}
  m_Mesh: {fileID: 454262431818103238, guid: 648676bc1aed4884f8c7481072a6e4e4, type: 3}
--- !u!23 &3720905046153310232
MeshRenderer:
  m_ObjectHideFlags: 0
  m_CorrespondingSourceObject: {fileID: 0}
  m_PrefabInstance: {fileID: 0}
  m_PrefabAsset: {fileID: 0}
  m_GameObject: {fileID: 1675208597102238291}
  m_Enabled: 1
  m_CastShadows: 1
  m_ReceiveShadows: 1
  m_DynamicOccludee: 1
  m_StaticShadowCaster: 0
  m_MotionVectors: 1
  m_LightProbeUsage: 1
  m_ReflectionProbeUsage: 1
  m_RayTracingMode: 2
  m_RayTraceProcedural: 0
  m_RenderingLayerMask: 1
  m_RendererPriority: 0
  m_Materials:
  - {fileID: 963798294112862009, guid: 648676bc1aed4884f8c7481072a6e4e4, type: 3}
  - {fileID: 7575915981058242857, guid: 648676bc1aed4884f8c7481072a6e4e4, type: 3}
  - {fileID: -8848810374240701247, guid: 648676bc1aed4884f8c7481072a6e4e4, type: 3}
  - {fileID: 7270308193661303058, guid: 648676bc1aed4884f8c7481072a6e4e4, type: 3}
  - {fileID: 1957042476528048658, guid: 648676bc1aed4884f8c7481072a6e4e4, type: 3}
  - {fileID: 8388242491016390830, guid: 648676bc1aed4884f8c7481072a6e4e4, type: 3}
  m_StaticBatchInfo:
    firstSubMesh: 0
    subMeshCount: 0
  m_StaticBatchRoot: {fileID: 0}
  m_ProbeAnchor: {fileID: 0}
  m_LightProbeVolumeOverride: {fileID: 0}
  m_ScaleInLightmap: 1
  m_ReceiveGI: 1
  m_PreserveUVs: 0
  m_IgnoreNormalsForChartDetection: 0
  m_ImportantGI: 0
  m_StitchLightmapSeams: 1
  m_SelectedEditorRenderState: 3
  m_MinimumChartSize: 4
  m_AutoUVMaxDistance: 0.5
  m_AutoUVMaxAngle: 89
  m_LightmapParameters: {fileID: 0}
  m_SortingLayerID: 0
  m_SortingLayer: 0
  m_SortingOrder: 0
  m_AdditionalVertexStreams: {fileID: 0}
--- !u!1 &3506023668547218351
GameObject:
  m_ObjectHideFlags: 0
  m_CorrespondingSourceObject: {fileID: 0}
  m_PrefabInstance: {fileID: 0}
  m_PrefabAsset: {fileID: 0}
  serializedVersion: 6
  m_Component:
  - component: {fileID: 6102420971832004412}
  - component: {fileID: 4617052499258632646}
  - component: {fileID: 7560808899246699620}
  m_Layer: 0
  m_Name: character_skeleton_warrior_armLeft_broken
  m_TagString: Untagged
  m_Icon: {fileID: 0}
  m_NavMeshLayer: 0
  m_StaticEditorFlags: 0
  m_IsActive: 1
--- !u!4 &6102420971832004412
Transform:
  m_ObjectHideFlags: 0
  m_CorrespondingSourceObject: {fileID: 0}
  m_PrefabInstance: {fileID: 0}
  m_PrefabAsset: {fileID: 0}
  m_GameObject: {fileID: 3506023668547218351}
  m_LocalRotation: {x: -0.6858634, y: 0.17202222, z: -0.68586296, w: 0.17202279}
  m_LocalPosition: {x: 0, y: -0.2991639, z: -0.34394604}
  m_LocalScale: {x: 1, y: 1, z: 1}
  m_ConstrainProportionsScale: 0
  m_Children: []
  m_Father: {fileID: 2717519748215483647}
  m_RootOrder: 1
  m_LocalEulerAnglesHint: {x: 0, y: 0, z: 0}
--- !u!33 &4617052499258632646
MeshFilter:
  m_ObjectHideFlags: 0
  m_CorrespondingSourceObject: {fileID: 0}
  m_PrefabInstance: {fileID: 0}
  m_PrefabAsset: {fileID: 0}
  m_GameObject: {fileID: 3506023668547218351}
  m_Mesh: {fileID: 661816806519425602, guid: 648676bc1aed4884f8c7481072a6e4e4, type: 3}
--- !u!23 &7560808899246699620
MeshRenderer:
  m_ObjectHideFlags: 0
  m_CorrespondingSourceObject: {fileID: 0}
  m_PrefabInstance: {fileID: 0}
  m_PrefabAsset: {fileID: 0}
  m_GameObject: {fileID: 3506023668547218351}
  m_Enabled: 1
  m_CastShadows: 1
  m_ReceiveShadows: 1
  m_DynamicOccludee: 1
  m_StaticShadowCaster: 0
  m_MotionVectors: 1
  m_LightProbeUsage: 1
  m_ReflectionProbeUsage: 1
  m_RayTracingMode: 2
  m_RayTraceProcedural: 0
  m_RenderingLayerMask: 1
  m_RendererPriority: 0
  m_Materials:
  - {fileID: -8848810374240701247, guid: 648676bc1aed4884f8c7481072a6e4e4, type: 3}
  - {fileID: 963798294112862009, guid: 648676bc1aed4884f8c7481072a6e4e4, type: 3}
  - {fileID: -1580535799172915004, guid: 648676bc1aed4884f8c7481072a6e4e4, type: 3}
  - {fileID: 7575915981058242857, guid: 648676bc1aed4884f8c7481072a6e4e4, type: 3}
  m_StaticBatchInfo:
    firstSubMesh: 0
    subMeshCount: 0
  m_StaticBatchRoot: {fileID: 0}
  m_ProbeAnchor: {fileID: 0}
  m_LightProbeVolumeOverride: {fileID: 0}
  m_ScaleInLightmap: 1
  m_ReceiveGI: 1
  m_PreserveUVs: 0
  m_IgnoreNormalsForChartDetection: 0
  m_ImportantGI: 0
  m_StitchLightmapSeams: 1
  m_SelectedEditorRenderState: 3
  m_MinimumChartSize: 4
  m_AutoUVMaxDistance: 0.5
  m_AutoUVMaxAngle: 89
  m_LightmapParameters: {fileID: 0}
  m_SortingLayerID: 0
  m_SortingLayer: 0
  m_SortingOrder: 0
  m_AdditionalVertexStreams: {fileID: 0}
--- !u!1 &3544106930337101767
GameObject:
  m_ObjectHideFlags: 0
  m_CorrespondingSourceObject: {fileID: 0}
  m_PrefabInstance: {fileID: 0}
  m_PrefabAsset: {fileID: 0}
  serializedVersion: 6
  m_Component:
  - component: {fileID: 3570571338282048756}
  - component: {fileID: 7282647619611354715}
  - component: {fileID: 4381910498588455905}
  m_Layer: 0
  m_Name: character_skeleton_warrior_jaw_broken
  m_TagString: Untagged
  m_Icon: {fileID: 0}
  m_NavMeshLayer: 0
  m_StaticEditorFlags: 0
  m_IsActive: 1
--- !u!4 &3570571338282048756
Transform:
  m_ObjectHideFlags: 0
  m_CorrespondingSourceObject: {fileID: 0}
  m_PrefabInstance: {fileID: 0}
  m_PrefabAsset: {fileID: 0}
  m_GameObject: {fileID: 3544106930337101767}
  m_LocalRotation: {x: -0.00000011920929, y: 0, z: -0, w: 1}
  m_LocalPosition: {x: -0, y: 0.12670135, z: 0.039922696}
  m_LocalScale: {x: 1, y: 1, z: 1}
  m_ConstrainProportionsScale: 0
  m_Children: []
  m_Father: {fileID: 1567268396655346827}
  m_RootOrder: 2
  m_LocalEulerAnglesHint: {x: 0, y: 0, z: 0}
--- !u!33 &7282647619611354715
MeshFilter:
  m_ObjectHideFlags: 0
  m_CorrespondingSourceObject: {fileID: 0}
  m_PrefabInstance: {fileID: 0}
  m_PrefabAsset: {fileID: 0}
  m_GameObject: {fileID: 3544106930337101767}
  m_Mesh: {fileID: 355719549594924924, guid: 648676bc1aed4884f8c7481072a6e4e4, type: 3}
--- !u!23 &4381910498588455905
MeshRenderer:
  m_ObjectHideFlags: 0
  m_CorrespondingSourceObject: {fileID: 0}
  m_PrefabInstance: {fileID: 0}
  m_PrefabAsset: {fileID: 0}
  m_GameObject: {fileID: 3544106930337101767}
  m_Enabled: 1
  m_CastShadows: 1
  m_ReceiveShadows: 1
  m_DynamicOccludee: 1
  m_StaticShadowCaster: 0
  m_MotionVectors: 1
  m_LightProbeUsage: 1
  m_ReflectionProbeUsage: 1
  m_RayTracingMode: 2
  m_RayTraceProcedural: 0
  m_RenderingLayerMask: 1
  m_RendererPriority: 0
  m_Materials:
  - {fileID: -8848810374240701247, guid: 648676bc1aed4884f8c7481072a6e4e4, type: 3}
  m_StaticBatchInfo:
    firstSubMesh: 0
    subMeshCount: 0
  m_StaticBatchRoot: {fileID: 0}
  m_ProbeAnchor: {fileID: 0}
  m_LightProbeVolumeOverride: {fileID: 0}
  m_ScaleInLightmap: 1
  m_ReceiveGI: 1
  m_PreserveUVs: 0
  m_IgnoreNormalsForChartDetection: 0
  m_ImportantGI: 0
  m_StitchLightmapSeams: 1
  m_SelectedEditorRenderState: 3
  m_MinimumChartSize: 4
  m_AutoUVMaxDistance: 0.5
  m_AutoUVMaxAngle: 89
  m_LightmapParameters: {fileID: 0}
  m_SortingLayerID: 0
  m_SortingLayer: 0
  m_SortingOrder: 0
  m_AdditionalVertexStreams: {fileID: 0}
--- !u!1 &4247321311956105353
GameObject:
  m_ObjectHideFlags: 0
  m_CorrespondingSourceObject: {fileID: 0}
  m_PrefabInstance: {fileID: 0}
  m_PrefabAsset: {fileID: 0}
  serializedVersion: 6
  m_Component:
  - component: {fileID: 1567268396655346827}
  - component: {fileID: 1500618005744373170}
  m_Layer: 0
  m_Name: character_skeleton_warrior_head_broken
  m_TagString: Untagged
  m_Icon: {fileID: 0}
  m_NavMeshLayer: 0
  m_StaticEditorFlags: 0
  m_IsActive: 1
--- !u!4 &1567268396655346827
Transform:
  m_ObjectHideFlags: 0
  m_CorrespondingSourceObject: {fileID: 0}
  m_PrefabInstance: {fileID: 0}
  m_PrefabAsset: {fileID: 0}
  m_GameObject: {fileID: 4247321311956105353}
  m_LocalRotation: {x: 0.0000003198789, y: -0.00000029802334, z: -0.00000006717958, w: 1}
  m_LocalPosition: {x: 0, y: 0.4910571, z: 0}
  m_LocalScale: {x: 1, y: 1, z: 1}
  m_ConstrainProportionsScale: 0
  m_Children:
  - {fileID: 4792779435998886247}
  - {fileID: 1666248361096735385}
  - {fileID: 3570571338282048756}
  m_Father: {fileID: 1644435693776413314}
  m_RootOrder: 0
  m_LocalEulerAnglesHint: {x: 0, y: 0, z: 0}
--- !u!137 &1500618005744373170
SkinnedMeshRenderer:
  m_ObjectHideFlags: 0
  m_CorrespondingSourceObject: {fileID: 0}
  m_PrefabInstance: {fileID: 0}
  m_PrefabAsset: {fileID: 0}
  m_GameObject: {fileID: 4247321311956105353}
  m_Enabled: 1
  m_CastShadows: 1
  m_ReceiveShadows: 1
  m_DynamicOccludee: 1
  m_StaticShadowCaster: 0
  m_MotionVectors: 1
  m_LightProbeUsage: 1
  m_ReflectionProbeUsage: 1
  m_RayTracingMode: 3
  m_RayTraceProcedural: 0
  m_RenderingLayerMask: 1
  m_RendererPriority: 0
  m_Materials:
  - {fileID: -8848810374240701247, guid: 648676bc1aed4884f8c7481072a6e4e4, type: 3}
  - {fileID: -1580535799172915004, guid: 648676bc1aed4884f8c7481072a6e4e4, type: 3}
  m_StaticBatchInfo:
    firstSubMesh: 0
    subMeshCount: 0
  m_StaticBatchRoot: {fileID: 0}
  m_ProbeAnchor: {fileID: 0}
  m_LightProbeVolumeOverride: {fileID: 0}
  m_ScaleInLightmap: 1
  m_ReceiveGI: 1
  m_PreserveUVs: 0
  m_IgnoreNormalsForChartDetection: 0
  m_ImportantGI: 0
  m_StitchLightmapSeams: 1
  m_SelectedEditorRenderState: 3
  m_MinimumChartSize: 4
  m_AutoUVMaxDistance: 0.5
  m_AutoUVMaxAngle: 89
  m_LightmapParameters: {fileID: 0}
  m_SortingLayerID: 0
  m_SortingLayer: 0
  m_SortingOrder: 0
  serializedVersion: 2
  m_Quality: 0
  m_UpdateWhenOffscreen: 1
  m_SkinnedMotionVectors: 1
  m_Mesh: {fileID: -7647860312985591257, guid: 648676bc1aed4884f8c7481072a6e4e4, type: 3}
  m_Bones: []
  m_BlendShapeWeights: []
  m_RootBone: {fileID: 0}
  m_AABB:
    m_Center: {x: 0.0023401976, y: 0.53248715, z: -0.01192829}
    m_Extent: {x: 0.47728887, y: 0.39689848, z: 0.45811042}
  m_DirtyAABB: 0
--- !u!1 &5325088866033498926
GameObject:
  m_ObjectHideFlags: 0
  m_CorrespondingSourceObject: {fileID: 0}
  m_PrefabInstance: {fileID: 0}
  m_PrefabAsset: {fileID: 0}
  serializedVersion: 6
  m_Component:
  - component: {fileID: 4804589495248757140}
  - component: {fileID: 8431458845459426865}
  - component: {fileID: 5973594361139550971}
  m_Layer: 0
  m_Name: Skeleton Warrior
  m_TagString: Untagged
  m_Icon: {fileID: 0}
  m_NavMeshLayer: 0
  m_StaticEditorFlags: 0
  m_IsActive: 1
--- !u!4 &4804589495248757140
Transform:
  m_ObjectHideFlags: 0
  m_CorrespondingSourceObject: {fileID: 0}
  m_PrefabInstance: {fileID: 0}
  m_PrefabAsset: {fileID: 0}
  m_GameObject: {fileID: 5325088866033498926}
  m_LocalRotation: {x: 0.00000043908818, y: -0.00000029802334, z: -0.00000006717954, w: 1}
  m_LocalPosition: {x: 0, y: 0, z: 0}
  m_LocalScale: {x: 1, y: 1, z: 1}
  m_ConstrainProportionsScale: 0
  m_Children: []
  m_Father: {fileID: 4427604082675810103}
  m_RootOrder: 3
  m_LocalEulerAnglesHint: {x: 0, y: 0, z: 0}
--- !u!33 &8431458845459426865
MeshFilter:
  m_ObjectHideFlags: 0
  m_CorrespondingSourceObject: {fileID: 0}
  m_PrefabInstance: {fileID: 0}
  m_PrefabAsset: {fileID: 0}
  m_GameObject: {fileID: 5325088866033498926}
  m_Mesh: {fileID: 848274394047053018, guid: 648676bc1aed4884f8c7481072a6e4e4, type: 3}
--- !u!23 &5973594361139550971
MeshRenderer:
  m_ObjectHideFlags: 0
  m_CorrespondingSourceObject: {fileID: 0}
  m_PrefabInstance: {fileID: 0}
  m_PrefabAsset: {fileID: 0}
  m_GameObject: {fileID: 5325088866033498926}
  m_Enabled: 1
  m_CastShadows: 1
  m_ReceiveShadows: 1
  m_DynamicOccludee: 1
  m_StaticShadowCaster: 0
  m_MotionVectors: 1
  m_LightProbeUsage: 1
  m_ReflectionProbeUsage: 1
  m_RayTracingMode: 2
  m_RayTraceProcedural: 0
  m_RenderingLayerMask: 1
  m_RendererPriority: 0
  m_Materials:
  - {fileID: 963798294112862009, guid: 648676bc1aed4884f8c7481072a6e4e4, type: 3}
  - {fileID: -1580535799172915004, guid: 648676bc1aed4884f8c7481072a6e4e4, type: 3}
  - {fileID: 7575915981058242857, guid: 648676bc1aed4884f8c7481072a6e4e4, type: 3}
  - {fileID: -4973734387028869240, guid: 648676bc1aed4884f8c7481072a6e4e4, type: 3}
  - {fileID: -8848810374240701247, guid: 648676bc1aed4884f8c7481072a6e4e4, type: 3}
  - {fileID: 8388242491016390830, guid: 648676bc1aed4884f8c7481072a6e4e4, type: 3}
  m_StaticBatchInfo:
    firstSubMesh: 0
    subMeshCount: 0
  m_StaticBatchRoot: {fileID: 0}
  m_ProbeAnchor: {fileID: 0}
  m_LightProbeVolumeOverride: {fileID: 0}
  m_ScaleInLightmap: 1
  m_ReceiveGI: 1
  m_PreserveUVs: 0
  m_IgnoreNormalsForChartDetection: 0
  m_ImportantGI: 0
  m_StitchLightmapSeams: 1
  m_SelectedEditorRenderState: 3
  m_MinimumChartSize: 4
  m_AutoUVMaxDistance: 0.5
  m_AutoUVMaxAngle: 89
  m_LightmapParameters: {fileID: 0}
  m_SortingLayerID: 0
  m_SortingLayer: 0
  m_SortingOrder: 0
  m_AdditionalVertexStreams: {fileID: 0}
--- !u!1 &7509949495708404387
GameObject:
  m_ObjectHideFlags: 0
  m_CorrespondingSourceObject: {fileID: 0}
  m_PrefabInstance: {fileID: 0}
  m_PrefabAsset: {fileID: 0}
  serializedVersion: 6
  m_Component:
  - component: {fileID: 5451243190337861926}
  - component: {fileID: 8319657047478948114}
  - component: {fileID: 4848805227882862404}
  m_Layer: 0
  m_Name: character_skeleton_warrior_armRight_broken
  m_TagString: Untagged
  m_Icon: {fileID: 0}
  m_NavMeshLayer: 0
  m_StaticEditorFlags: 0
  m_IsActive: 1
--- !u!4 &5451243190337861926
Transform:
  m_ObjectHideFlags: 0
  m_CorrespondingSourceObject: {fileID: 0}
  m_PrefabInstance: {fileID: 0}
  m_PrefabAsset: {fileID: 0}
  m_GameObject: {fileID: 7509949495708404387}
  m_LocalRotation: {x: -0.68586344, y: -0.17202291, z: -0.6858628, w: -0.17202261}
  m_LocalPosition: {x: 0, y: -0.2991636, z: 0.3439464}
  m_LocalScale: {x: 1, y: 1, z: 1}
  m_ConstrainProportionsScale: 0
  m_Children: []
  m_Father: {fileID: 629411878020904436}
  m_RootOrder: 1
  m_LocalEulerAnglesHint: {x: 0, y: 0, z: 0}
--- !u!33 &8319657047478948114
MeshFilter:
  m_ObjectHideFlags: 0
  m_CorrespondingSourceObject: {fileID: 0}
  m_PrefabInstance: {fileID: 0}
  m_PrefabAsset: {fileID: 0}
  m_GameObject: {fileID: 7509949495708404387}
  m_Mesh: {fileID: 4459834284776620433, guid: 648676bc1aed4884f8c7481072a6e4e4, type: 3}
--- !u!23 &4848805227882862404
MeshRenderer:
  m_ObjectHideFlags: 0
  m_CorrespondingSourceObject: {fileID: 0}
  m_PrefabInstance: {fileID: 0}
  m_PrefabAsset: {fileID: 0}
  m_GameObject: {fileID: 7509949495708404387}
  m_Enabled: 1
  m_CastShadows: 1
  m_ReceiveShadows: 1
  m_DynamicOccludee: 1
  m_StaticShadowCaster: 0
  m_MotionVectors: 1
  m_LightProbeUsage: 1
  m_ReflectionProbeUsage: 1
  m_RayTracingMode: 2
  m_RayTraceProcedural: 0
  m_RenderingLayerMask: 1
  m_RendererPriority: 0
  m_Materials:
  - {fileID: -1580535799172915004, guid: 648676bc1aed4884f8c7481072a6e4e4, type: 3}
  - {fileID: -8848810374240701247, guid: 648676bc1aed4884f8c7481072a6e4e4, type: 3}
  - {fileID: 963798294112862009, guid: 648676bc1aed4884f8c7481072a6e4e4, type: 3}
  - {fileID: 7575915981058242857, guid: 648676bc1aed4884f8c7481072a6e4e4, type: 3}
  - {fileID: 8388242491016390830, guid: 648676bc1aed4884f8c7481072a6e4e4, type: 3}
  m_StaticBatchInfo:
    firstSubMesh: 0
    subMeshCount: 0
  m_StaticBatchRoot: {fileID: 0}
  m_ProbeAnchor: {fileID: 0}
  m_LightProbeVolumeOverride: {fileID: 0}
  m_ScaleInLightmap: 1
  m_ReceiveGI: 1
  m_PreserveUVs: 0
  m_IgnoreNormalsForChartDetection: 0
  m_ImportantGI: 0
  m_StitchLightmapSeams: 1
  m_SelectedEditorRenderState: 3
  m_MinimumChartSize: 4
  m_AutoUVMaxDistance: 0.5
  m_AutoUVMaxAngle: 89
  m_LightmapParameters: {fileID: 0}
  m_SortingLayerID: 0
  m_SortingLayer: 0
  m_SortingOrder: 0
  m_AdditionalVertexStreams: {fileID: 0}
--- !u!1 &8323361828025407662
GameObject:
  m_ObjectHideFlags: 0
  m_CorrespondingSourceObject: {fileID: 0}
  m_PrefabInstance: {fileID: 0}
  m_PrefabAsset: {fileID: 0}
  serializedVersion: 6
  m_Component:
  - component: {fileID: 4792779435998886247}
  - component: {fileID: 5931638949966384045}
  - component: {fileID: 7255456342853122764}
  m_Layer: 0
  m_Name: character_skeleton_warrior_eyes_broken
  m_TagString: Untagged
  m_Icon: {fileID: 0}
  m_NavMeshLayer: 0
  m_StaticEditorFlags: 0
  m_IsActive: 1
--- !u!4 &4792779435998886247
Transform:
  m_ObjectHideFlags: 0
  m_CorrespondingSourceObject: {fileID: 0}
  m_PrefabInstance: {fileID: 0}
  m_PrefabAsset: {fileID: 0}
  m_GameObject: {fileID: 8323361828025407662}
  m_LocalRotation: {x: -0.00000011920929, y: 0, z: -0, w: 1}
  m_LocalPosition: {x: -0.0000076293945, y: 0.42451474, z: 0.25871465}
  m_LocalScale: {x: 1, y: 1, z: 1}
  m_ConstrainProportionsScale: 0
  m_Children: []
  m_Father: {fileID: 1567268396655346827}
  m_RootOrder: 0
  m_LocalEulerAnglesHint: {x: 0, y: 0, z: 0}
--- !u!33 &5931638949966384045
MeshFilter:
  m_ObjectHideFlags: 0
  m_CorrespondingSourceObject: {fileID: 0}
  m_PrefabInstance: {fileID: 0}
  m_PrefabAsset: {fileID: 0}
  m_GameObject: {fileID: 8323361828025407662}
  m_Mesh: {fileID: -3109767969271420833, guid: 648676bc1aed4884f8c7481072a6e4e4, type: 3}
--- !u!23 &7255456342853122764
MeshRenderer:
  m_ObjectHideFlags: 0
  m_CorrespondingSourceObject: {fileID: 0}
  m_PrefabInstance: {fileID: 0}
  m_PrefabAsset: {fileID: 0}
  m_GameObject: {fileID: 8323361828025407662}
  m_Enabled: 1
  m_CastShadows: 1
  m_ReceiveShadows: 1
  m_DynamicOccludee: 1
  m_StaticShadowCaster: 0
  m_MotionVectors: 1
  m_LightProbeUsage: 1
  m_ReflectionProbeUsage: 1
  m_RayTracingMode: 2
  m_RayTraceProcedural: 0
  m_RenderingLayerMask: 1
  m_RendererPriority: 0
  m_Materials:
  - {fileID: -7848952084472943420, guid: 648676bc1aed4884f8c7481072a6e4e4, type: 3}
  m_StaticBatchInfo:
    firstSubMesh: 0
    subMeshCount: 0
  m_StaticBatchRoot: {fileID: 0}
  m_ProbeAnchor: {fileID: 0}
  m_LightProbeVolumeOverride: {fileID: 0}
  m_ScaleInLightmap: 1
  m_ReceiveGI: 1
  m_PreserveUVs: 0
  m_IgnoreNormalsForChartDetection: 0
  m_ImportantGI: 0
  m_StitchLightmapSeams: 1
  m_SelectedEditorRenderState: 3
  m_MinimumChartSize: 4
  m_AutoUVMaxDistance: 0.5
  m_AutoUVMaxAngle: 89
  m_LightmapParameters: {fileID: 0}
  m_SortingLayerID: 0
  m_SortingLayer: 0
  m_SortingOrder: 0
  m_AdditionalVertexStreams: {fileID: 0}
--- !u!1001 &417188988446028531
PrefabInstance:
  m_ObjectHideFlags: 0
  serializedVersion: 2
  m_Modification:
    m_TransformParent: {fileID: 0}
    m_Modifications:
    - target: {fileID: 2163545083612640771, guid: 704f19ce68f8f80448c4ada6892fe09b, type: 3}
      propertyPath: m_Controller
      value: 
      objectReference: {fileID: 9100000, guid: 6534d9a5486e70d4c9a319c056e55de7, type: 2}
    - target: {fileID: 2655749101864738825, guid: 704f19ce68f8f80448c4ada6892fe09b, type: 3}
      propertyPath: m_audioClip
      value: 
      objectReference: {fileID: 8300000, guid: 2611b9ef35342594c88a12c742e9bf1e, type: 3}
    - target: {fileID: 2929476664226689031, guid: 704f19ce68f8f80448c4ada6892fe09b, type: 3}
      propertyPath: m_RootOrder
      value: 0
      objectReference: {fileID: 0}
    - target: {fileID: 2929476664226689031, guid: 704f19ce68f8f80448c4ada6892fe09b, type: 3}
      propertyPath: m_LocalPosition.x
      value: 0
      objectReference: {fileID: 0}
    - target: {fileID: 2929476664226689031, guid: 704f19ce68f8f80448c4ada6892fe09b, type: 3}
      propertyPath: m_LocalPosition.y
      value: 0
      objectReference: {fileID: 0}
    - target: {fileID: 2929476664226689031, guid: 704f19ce68f8f80448c4ada6892fe09b, type: 3}
      propertyPath: m_LocalPosition.z
      value: 0
      objectReference: {fileID: 0}
    - target: {fileID: 2929476664226689031, guid: 704f19ce68f8f80448c4ada6892fe09b, type: 3}
      propertyPath: m_LocalRotation.w
      value: 1
      objectReference: {fileID: 0}
    - target: {fileID: 2929476664226689031, guid: 704f19ce68f8f80448c4ada6892fe09b, type: 3}
      propertyPath: m_LocalRotation.x
      value: 0
      objectReference: {fileID: 0}
    - target: {fileID: 2929476664226689031, guid: 704f19ce68f8f80448c4ada6892fe09b, type: 3}
      propertyPath: m_LocalRotation.y
      value: 0
      objectReference: {fileID: 0}
    - target: {fileID: 2929476664226689031, guid: 704f19ce68f8f80448c4ada6892fe09b, type: 3}
      propertyPath: m_LocalRotation.z
      value: 0
      objectReference: {fileID: 0}
    - target: {fileID: 2929476664226689031, guid: 704f19ce68f8f80448c4ada6892fe09b, type: 3}
      propertyPath: m_LocalEulerAnglesHint.x
      value: 0
      objectReference: {fileID: 0}
    - target: {fileID: 2929476664226689031, guid: 704f19ce68f8f80448c4ada6892fe09b, type: 3}
      propertyPath: m_LocalEulerAnglesHint.y
      value: 0
      objectReference: {fileID: 0}
    - target: {fileID: 2929476664226689031, guid: 704f19ce68f8f80448c4ada6892fe09b, type: 3}
      propertyPath: m_LocalEulerAnglesHint.z
      value: 0
      objectReference: {fileID: 0}
    - target: {fileID: 5252982905025326201, guid: 704f19ce68f8f80448c4ada6892fe09b, type: 3}
      propertyPath: m_LocalScale.x
      value: 1
      objectReference: {fileID: 0}
    - target: {fileID: 5252982905025326201, guid: 704f19ce68f8f80448c4ada6892fe09b, type: 3}
      propertyPath: m_LocalScale.y
      value: 1
      objectReference: {fileID: 0}
    - target: {fileID: 5252982905025326201, guid: 704f19ce68f8f80448c4ada6892fe09b, type: 3}
      propertyPath: m_LocalScale.z
      value: 1
      objectReference: {fileID: 0}
    - target: {fileID: 5689315608481819979, guid: 704f19ce68f8f80448c4ada6892fe09b, type: 3}
      propertyPath: stats
      value: 
      objectReference: {fileID: 11400000, guid: bf9cbe3ade45ad14aad103a9bcddf991, type: 2}
    - target: {fileID: 5689315608481819979, guid: 704f19ce68f8f80448c4ada6892fe09b, type: 3}
      propertyPath: enemyID
      value: E
      objectReference: {fileID: 0}
    - target: {fileID: 5689315608481819979, guid: 704f19ce68f8f80448c4ada6892fe09b, type: 3}
      propertyPath: chaseRange
      value: 6
      objectReference: {fileID: 0}
    - target: {fileID: 5689315608481819979, guid: 704f19ce68f8f80448c4ada6892fe09b, type: 3}
      propertyPath: attackRange
      value: 1.5
      objectReference: {fileID: 0}
    - target: {fileID: 5696982736944780926, guid: 704f19ce68f8f80448c4ada6892fe09b, type: 3}
      propertyPath: m_Height
      value: 2.5
      objectReference: {fileID: 0}
    - target: {fileID: 5696982736944780926, guid: 704f19ce68f8f80448c4ada6892fe09b, type: 3}
      propertyPath: m_Center.y
      value: 1
      objectReference: {fileID: 0}
    - target: {fileID: 6366272613876570629, guid: 704f19ce68f8f80448c4ada6892fe09b, type: 3}
      propertyPath: m_Name
      value: Enemy Skeleton Boss
      objectReference: {fileID: 0}
    - target: {fileID: 6366272613876570629, guid: 704f19ce68f8f80448c4ada6892fe09b, type: 3}
      propertyPath: m_TagString
      value: Boss
      objectReference: {fileID: 0}
    - target: {fileID: 8732566655347565370, guid: 704f19ce68f8f80448c4ada6892fe09b, type: 3}
      propertyPath: m_AnchoredPosition.y
      value: 2.03
      objectReference: {fileID: 0}
    m_RemovedComponents: []
  m_SourcePrefab: {fileID: 100100000, guid: 704f19ce68f8f80448c4ada6892fe09b, type: 3}
--- !u!4 &629411878020904436 stripped
Transform:
  m_CorrespondingSourceObject: {fileID: 970026438782568199, guid: 704f19ce68f8f80448c4ada6892fe09b, type: 3}
  m_PrefabInstance: {fileID: 417188988446028531}
  m_PrefabAsset: {fileID: 0}
--- !u!4 &1644435693776413314 stripped
Transform:
  m_CorrespondingSourceObject: {fileID: 1375870171864076401, guid: 704f19ce68f8f80448c4ada6892fe09b, type: 3}
  m_PrefabInstance: {fileID: 417188988446028531}
  m_PrefabAsset: {fileID: 0}
--- !u!4 &2717519748215483647 stripped
Transform:
  m_CorrespondingSourceObject: {fileID: 2340947102642314764, guid: 704f19ce68f8f80448c4ada6892fe09b, type: 3}
  m_PrefabInstance: {fileID: 417188988446028531}
  m_PrefabAsset: {fileID: 0}
--- !u!4 &4427604082675810103 stripped
Transform:
  m_CorrespondingSourceObject: {fileID: 4087057725441330628, guid: 704f19ce68f8f80448c4ada6892fe09b, type: 3}
  m_PrefabInstance: {fileID: 417188988446028531}
  m_PrefabAsset: {fileID: 0}
--- !u!4 &4603923073132382832 stripped
Transform:
  m_CorrespondingSourceObject: {fileID: 4192372453479053443, guid: 704f19ce68f8f80448c4ada6892fe09b, type: 3}
  m_PrefabInstance: {fileID: 417188988446028531}
  m_PrefabAsset: {fileID: 0}
--- !u!1001 &6290675225775452120
PrefabInstance:
  m_ObjectHideFlags: 0
  serializedVersion: 2
  m_Modification:
    m_TransformParent: {fileID: 4603923073132382832}
    m_Modifications:
    - target: {fileID: -8679921383154817045, guid: 88878210d0880c942b7a12d8d2d7374b, type: 3}
      propertyPath: m_RootOrder
      value: 0
      objectReference: {fileID: 0}
    - target: {fileID: -8679921383154817045, guid: 88878210d0880c942b7a12d8d2d7374b, type: 3}
      propertyPath: m_LocalPosition.x
      value: -0.2889949
      objectReference: {fileID: 0}
    - target: {fileID: -8679921383154817045, guid: 88878210d0880c942b7a12d8d2d7374b, type: 3}
      propertyPath: m_LocalPosition.y
      value: 0.04399364
      objectReference: {fileID: 0}
    - target: {fileID: -8679921383154817045, guid: 88878210d0880c942b7a12d8d2d7374b, type: 3}
      propertyPath: m_LocalPosition.z
      value: 0.23299314
      objectReference: {fileID: 0}
    - target: {fileID: -8679921383154817045, guid: 88878210d0880c942b7a12d8d2d7374b, type: 3}
      propertyPath: m_LocalRotation.w
      value: 0.7071068
      objectReference: {fileID: 0}
    - target: {fileID: -8679921383154817045, guid: 88878210d0880c942b7a12d8d2d7374b, type: 3}
      propertyPath: m_LocalRotation.x
      value: 0
      objectReference: {fileID: 0}
    - target: {fileID: -8679921383154817045, guid: 88878210d0880c942b7a12d8d2d7374b, type: 3}
      propertyPath: m_LocalRotation.y
      value: 0.7071068
      objectReference: {fileID: 0}
    - target: {fileID: -8679921383154817045, guid: 88878210d0880c942b7a12d8d2d7374b, type: 3}
      propertyPath: m_LocalRotation.z
      value: 0
      objectReference: {fileID: 0}
    - target: {fileID: -8679921383154817045, guid: 88878210d0880c942b7a12d8d2d7374b, type: 3}
      propertyPath: m_LocalEulerAnglesHint.x
      value: 0
      objectReference: {fileID: 0}
    - target: {fileID: -8679921383154817045, guid: 88878210d0880c942b7a12d8d2d7374b, type: 3}
      propertyPath: m_LocalEulerAnglesHint.y
      value: 90
      objectReference: {fileID: 0}
    - target: {fileID: -8679921383154817045, guid: 88878210d0880c942b7a12d8d2d7374b, type: 3}
      propertyPath: m_LocalEulerAnglesHint.z
      value: 0
      objectReference: {fileID: 0}
    - target: {fileID: 919132149155446097, guid: 88878210d0880c942b7a12d8d2d7374b, type: 3}
      propertyPath: m_Name
      value: Skeleton Sword
      objectReference: {fileID: 0}
    m_RemovedComponents: []
  m_SourcePrefab: {fileID: 100100000, guid: 88878210d0880c942b7a12d8d2d7374b, type: 3}
